@online{wiki.IDEA,
 author = {Wikipedia},
 key = {IDEA},
 title = {International Data Encryption Standard},
 publisher = {Wikipedia},
 year = {},
 cited = {2017/05/17},
  note = {\url{https://en.wikipedia.org/wiki/International_Data_Encryption_Algorithm}},

 url = {https://en.wikipedia.org/wiki/International_Data_Encryption_Algorithm}
}

@online{source-code.IDEA,
	author = {Christian d'Heureuse},
	key = {IDEA},
	title = {The IDEA encryption algorithm in Java},
	publisher = {},
	year = {},
	cited = {2017/05/17},
	note = {\url{http://www.source-code.biz/idea/java/}},
	url = {http://www.source-code.biz/idea/java/}
}

